<marcxml:record xmlns:marcxml="http://www.loc.gov/MARC21/slim" xmlns:mets="http://www.loc.gov/METS/" xmlns:bf="http://id.loc.gov/ontologies/bibframe/" xmlns:bflc="http://id.loc.gov/ontologies/bflc/" xmlns:madsrdf="http://www.loc.gov/mads/rdf/v1#" xmlns:rdf="http://www.w3.org/1999/02/22-rdf-syntax-ns#" xmlns:ri="http://id.loc.gov/ontologies/RecordInfo#" xmlns:idx="info:lc/xq-modules/lcindex" xmlns:semtriples="http://marklogic.com/semantic" xmlns:xsi="http://www.w3.org/2001/XMLSchema-instance" xmlns:xlink="http://www.w3.org/1999/xlink" xmlns:streams="info:lc/streams#">
  <marcxml:leader>01256ncm a2200313 a 4500</marcxml:leader>
  <marcxml:controlfield tag="001">5662129</marcxml:controlfield>
  <marcxml:controlfield tag="005">19921215122428.5</marcxml:controlfield>
  <marcxml:controlfield tag="008">921027t19891926mausga         n    eng  </marcxml:controlfield>
  <marcxml:datafield tag="035" ind1=" " ind2=" ">
    <marcxml:subfield code="9">(DLC)   92773924</marcxml:subfield>
  </marcxml:datafield>
  <marcxml:datafield tag="906" ind1=" " ind2=" ">
    <marcxml:subfield code="a">7</marcxml:subfield>
    <marcxml:subfield code="b">cbc</marcxml:subfield>
    <marcxml:subfield code="c">orignew</marcxml:subfield>
    <marcxml:subfield code="d">4</marcxml:subfield>
    <marcxml:subfield code="e">ncip</marcxml:subfield>
    <marcxml:subfield code="f">19</marcxml:subfield>
    <marcxml:subfield code="g">y-genmusic</marcxml:subfield>
  </marcxml:datafield>
  <marcxml:datafield tag="010" ind1=" " ind2=" ">
    <marcxml:subfield code="a">   92773924 </marcxml:subfield>
  </marcxml:datafield>
  <marcxml:datafield tag="028" ind1="3" ind2="2">
    <marcxml:subfield code="a">BP3033</marcxml:subfield>
    <marcxml:subfield code="b">GunMar Music</marcxml:subfield>
  </marcxml:datafield>
  <marcxml:datafield tag="040" ind1=" " ind2=" ">
    <marcxml:subfield code="a">DLC</marcxml:subfield>
    <marcxml:subfield code="c">DLC</marcxml:subfield>
  </marcxml:datafield>
  <marcxml:datafield tag="041" ind1="1" ind2=" ">
    <marcxml:subfield code="a">engger</marcxml:subfield>
    <marcxml:subfield code="h">eng</marcxml:subfield>
  </marcxml:datafield>
  <marcxml:datafield tag="050" ind1="0" ind2="0">
    <marcxml:subfield code="a">M1613.3.G86</marcxml:subfield>
    <marcxml:subfield code="b">C615 1989</marcxml:subfield>
  </marcxml:datafield>
  <marcxml:datafield tag="100" ind1="1" ind2=" ">
    <marcxml:subfield code="a">Gruenberg, Louis,</marcxml:subfield>
    <marcxml:subfield code="d">1884-1964.</marcxml:subfield>
  </marcxml:datafield>
  <marcxml:datafield tag="240" ind1="1" ind2="0">
    <marcxml:subfield code="a">Creation.</marcxml:subfield>
    <marcxml:subfield code="l">German &amp; English</marcxml:subfield>
  </marcxml:datafield>
  <marcxml:datafield tag="245" ind1="1" ind2="4">
    <marcxml:subfield code="a">The Creation :</marcxml:subfield>
    <marcxml:subfield code="b">a Negro sermon for voice and eight instruments, op. 23 (1924) /</marcxml:subfield>
    <marcxml:subfield code="c">by Louis Gruenberg ; poem by James Weldon Johnson ; German translation by R. St. Hoffmann.</marcxml:subfield>
  </marcxml:datafield>
  <marcxml:datafield tag="260" ind1=" " ind2=" ">
    <marcxml:subfield code="a">Newton Centre, Mass. :</marcxml:subfield>
    <marcxml:subfield code="b">GunMar Music,</marcxml:subfield>
    <marcxml:subfield code="c">1989, c1926.</marcxml:subfield>
  </marcxml:datafield>
  <marcxml:datafield tag="300" ind1=" " ind2=" ">
    <marcxml:subfield code="a">1 score (83 p.) ;</marcxml:subfield>
    <marcxml:subfield code="c">28 cm.</marcxml:subfield>
  </marcxml:datafield>
  <marcxml:datafield tag="306" ind1=" " ind2=" ">
    <marcxml:subfield code="a">002200</marcxml:subfield>
  </marcxml:datafield>
  <marcxml:datafield tag="500" ind1=" " ind2=" ">
    <marcxml:subfield code="a">For high voice with flute, clarinet, bassoon, horn, tympani, percussion, viola, and piano.</marcxml:subfield>
  </marcxml:datafield>
  <marcxml:datafield tag="500" ind1=" " ind2=" ">
    <marcxml:subfield code="a">English text with German translation.</marcxml:subfield>
  </marcxml:datafield>
  <marcxml:datafield tag="500" ind1=" " ind2=" ">
    <marcxml:subfield code="a">Duration: 22:00.</marcxml:subfield>
  </marcxml:datafield>
  <marcxml:datafield tag="650" ind1=" " ind2="0">
    <marcxml:subfield code="a">Songs (High voice) with instrumental ensemble</marcxml:subfield>
    <marcxml:subfield code="x">Scores.</marcxml:subfield>
  </marcxml:datafield>
  <marcxml:datafield tag="600" ind1="1" ind2="0">
    <marcxml:subfield code="a">Johnson, James Weldon,</marcxml:subfield>
    <marcxml:subfield code="d">1871-1938</marcxml:subfield>
    <marcxml:subfield code="x">Musical settings.</marcxml:subfield>
  </marcxml:datafield>
  <marcxml:datafield tag="700" ind1="1" ind2=" ">
    <marcxml:subfield code="a">Johnson, James Weldon,</marcxml:subfield>
    <marcxml:subfield code="d">1871-1938.</marcxml:subfield>
  </marcxml:datafield>
  <marcxml:datafield tag="953" ind1=" " ind2=" ">
    <marcxml:subfield code="a">TA28</marcxml:subfield>
  </marcxml:datafield>
  <marcxml:datafield tag="991" ind1=" " ind2=" ">
    <marcxml:subfield code="b">c-Music</marcxml:subfield>
    <marcxml:subfield code="h">M1613.3.G86</marcxml:subfield>
    <marcxml:subfield code="i">C615 1989</marcxml:subfield>
    <marcxml:subfield code="t">Copy 1</marcxml:subfield>
    <marcxml:subfield code="w">MUSIC</marcxml:subfield>
  </marcxml:datafield>
</marcxml:record>
